@Book{TomSlu:AnaTec,
	author = 		"Tomasz SÅ‚upek",
	title = 		"{Analiza Techniczna: wprowadzenie}",
	publisher = 	"Oficyna Ekonomiczna : Dom Wydawniczy ABC",
	year =       	"2001",
	ISBN =       	"83-88597-13-2",
}

@misc{WDSof:EncAna,
	title = "{Encyklopedia AT}",
	howpublished = "[on-line] \url{http://www.wdsoftware.com/pl/encyklopedia-at/}"
}